<?xml version="1.0" encoding="UTF-8"?><collection xmlns="http://www.loc.gov/MARC21/slim"><record><leader>00500nam--2200145-i-4500</leader><controlfield tag="001">000033983</controlfield><controlfield tag="002">20161230</controlfield><controlfield tag="005">20161230201039</controlfield><controlfield tag="008">060222s1000------------r-----000-0-eng-d</controlfield><datafield ind1=" " ind2=" " tag="080"><subfield code="a">621.382</subfield></datafield><datafield ind1=" " ind2=" " tag="100"><subfield code="a">Mortenson, Kenneth E</subfield></datafield><datafield ind1=" " ind2=" " tag="245"><subfield code="a">Variable capacitance diodes. the operation and characterization of varactor, charge storage and pin diodes for rf and microwave applications</subfield></datafield><datafield ind1=" " ind2=" " tag="260"><subfield code="a">Washington, Artech House, Inc., 1974, 126p</subfield></datafield><datafield ind1=" " ind2=" " tag="490"><subfield code="a">Modern Frontiers In Applied Science</subfield></datafield><datafield ind1=" " ind2=" " tag="852"><subfield code="a">77449</subfield></datafield></record></collection>